@article{1,
    title   = "http://rl.cs.rutgers.edu/fall2019/lecture3.pdf",
}
@article{2,
    title   = "{S}tat{Q}uest with {J}osh {S}tarmer; https://youtu.be/0oc49DyA3hU",
}
@article{3,
    title   = "http://www.eecs.harvard.edu/cs286r/courses/spring08/reading6/CohenTutorial.pdf",
}
@article{4,
    title   = "http://idm-lab.org/bib/abstracts/papers/aamas05b.pdf",
}